@misc {nisc, 
    title = "NIST recommendation",
    url = "http://www.keylength.com/en/4/", 
    note = "Online, accessed 16 - march - 2013"
}


@misc {md5Wiki, 
    author    = "Wikipedia",
    title     = "MD5", 
    year      = "2013",
    url       = "http://en.wikipedia.org/wiki/MD5",
    note      = "Online, accessed 16 - march - 2013"  
}


@misc {md5Networking, 
    author     = "Networking4All",
    title      = "Weaknesses in SSL Certificates with a MD5 signature algorithm",
    url        = "http://www.networking4all.com/en/support/tools/site+check/md5+algorithm/",
    note       = "Online, accessed 16 - march - 2013"

}


@misc {cipher,
    author     = "Networking4All",
    title      = "Cipher suit", 
    url        = "http://www.networking4all.com/en/support/tools/site+check/cipher+suite/",
    note       = "Online, accessed 16 - march - 2013" 

}

@misc {Quelle1, 
    author = "Apache software fundation", 
    tittle = "Downloading the apache HTTP server", 
    url = "http://httpd.apache.org/download.cgi", 
    note = "Online, accessed 16 - march - 2013", 

}


@misc {Quelle2, 
    author = "Apache software fundation", 
    title = "Compiling and installing", 
    url = "http://httpd.apache.org/docs/2.4/install.html", 
    note = "Online, accessed 16 - march - 2013"
}


